<collection xmlns="http://www.loc.gov/MARC21/slim">
<record>
  <leader>03652nam0a2200553 i 450 </leader>
  <controlfield tag="001">IT\ICCU\CNCE\008484</controlfield>
  <controlfield tag="005">20200107000000.0</controlfield>
  <datafield tag="012" ind1=" " ind2=" ">
    <subfield code="a">e.me lude 8.i- AEer (3) 1600 (R)</subfield>
    <subfield code="2">fei</subfield>
  </datafield>
  <datafield tag="100" ind1=" " ind2=" ">
    <subfield code="a">19970101d1600        0itac0103    ba</subfield>
  </datafield>
  <datafield tag="101" ind1=" " ind2=" ">
    <subfield code="a">MUL</subfield>
  </datafield>
  <datafield tag="102" ind1=" " ind2=" ">
    <subfield code="a">IT</subfield>
  </datafield>
  <datafield tag="200" ind1="1" ind2=" ">
    <subfield code="a">℗Ambrosii Calepini ℗Dictionarium in quo restituendo, atque exornando haec praestitimus, primum, non solum illud curauimus, quod ab omnibus solet ... Deinde cum exempla quaedam Calepinus adduxerit, quae nunc in libris emendate impressis aliter leguntur ...Hoc est, additamenta Pauli Manutii ... Et adiecta sunt synonima, vocum differentiae, antitheta, ... Henrici Farnesii ... De verborum splendore &amp; delectu, ad vbertatem &amp; copiam dicendi, appendiculae duae ... Ac demum inferitur dictionarium Italicum ...</subfield>
  </datafield>
  <datafield tag="210" ind1=" " ind2=" ">
    <subfield code="a">Venetiis</subfield>
    <subfield code="c">apud Dominicum de Farris</subfield>
    <subfield code="d">1600</subfield>
    <subfield code="e">Venetiis</subfield>
    <subfield code="g">apud Dominicum de Farris</subfield>
    <subfield code="h">1600</subfield>
  </datafield>
  <datafield tag="215" ind1=" " ind2=" ">
    <subfield code="a">\2!, 234, 124 \i.e. 224!, 18, 20, 54 c.</subfield>
    <subfield code="d">fol</subfield>
  </datafield>
  <datafield tag="620" ind1=" " ind2=" ">
    <subfield code="a">IT</subfield>
    <subfield code="d">Venezia</subfield>
  </datafield>
  <datafield tag="700" ind1=" " ind2="1">
    <subfield code="a">Calepino,</subfield>
    <subfield code="b">Ambrogio</subfield>
    <subfield code="3">IT\ICCU\CNCA\002388</subfield>
  </datafield>
  <datafield tag="702" ind1=" " ind2="1">
    <subfield code="a">Farnese,</subfield>
    <subfield code="b">Enrico</subfield>
    <subfield code="3">IT\ICCU\CNCA\000100</subfield>
  </datafield>
  <datafield tag="702" ind1=" " ind2="1">
    <subfield code="a">Manuzio,</subfield>
    <subfield code="b">Paolo</subfield>
    <subfield code="c"> &lt;1512-1574&gt;</subfield>
    <subfield code="3">IT\ICCU\CNCA\000321</subfield>
  </datafield>
  <datafield tag="702" ind1=" " ind2="1">
    <subfield code="a">Bevilacqua,</subfield>
    <subfield code="b">Luca Antonio</subfield>
    <subfield code="3">IT\ICCU\CNCA\001701</subfield>
  </datafield>
  <datafield tag="712" ind1="0" ind2="0">
    <subfield code="a">Farri, Domenico</subfield>
    <subfield code="3">IT\ICCU\CNCT\000035</subfield>
    <subfield code="4">650</subfield>
  </datafield>
  <datafield tag="790" ind1=" " ind2="1">
    <subfield code="a">Calepio,</subfield>
    <subfield code="b">Ambrogio</subfield>
    <subfield code="3">IT\ICCU\CNCA\007747</subfield>
    <subfield code="z">Calepino, Ambrogio</subfield>
  </datafield>
  <datafield tag="790" ind1=" " ind2="1">
    <subfield code="a">Du_Four,</subfield>
    <subfield code="b">Henri</subfield>
    <subfield code="3">IT\ICCU\CNCA\014001</subfield>
    <subfield code="z">Farnese, Enrico</subfield>
  </datafield>
  <datafield tag="790" ind1=" " ind2="1">
    <subfield code="a">Farnesius,</subfield>
    <subfield code="b">Henricus</subfield>
    <subfield code="3">IT\ICCU\CNCA\014002</subfield>
    <subfield code="z">Farnese, Enrico</subfield>
  </datafield>
  <datafield tag="790" ind1=" " ind2="1">
    <subfield code="a">Farnesi,</subfield>
    <subfield code="b">Enrico</subfield>
    <subfield code="3">IT\ICCU\CNCA\022287</subfield>
    <subfield code="z">Farnese, Enrico</subfield>
  </datafield>
  <datafield tag="790" ind1=" " ind2="1">
    <subfield code="a">Manutius,</subfield>
    <subfield code="b">Paulus</subfield>
    <subfield code="3">IT\ICCU\CNCA\019615</subfield>
    <subfield code="z">Manuzio, Paolo &lt;1512-1574&gt;</subfield>
  </datafield>
  <datafield tag="790" ind1=" " ind2="1">
    <subfield code="a">Manuce,</subfield>
    <subfield code="b">Paul</subfield>
    <subfield code="3">IT\ICCU\CNCA\019616</subfield>
    <subfield code="z">Manuzio, Paolo &lt;1512-1574&gt;</subfield>
  </datafield>
  <datafield tag="791" ind1="0" ind2="0">
    <subfield code="a">Farris, Dominicus de</subfield>
    <subfield code="3">IT\ICCU\CNCT\005455</subfield>
    <subfield code="z">Farri, Domenico</subfield>
  </datafield>
  <datafield tag="791" ind1="0" ind2="0">
    <subfield code="a">Farreus, Dominicus</subfield>
    <subfield code="3">IT\ICCU\CNCT\005459</subfield>
    <subfield code="z">Farri, Domenico</subfield>
  </datafield>
  <datafield tag="791" ind1="0" ind2="0">
    <subfield code="a">Farris, Domingo</subfield>
    <subfield code="3">IT\ICCU\CNCT\005462</subfield>
    <subfield code="z">Farri, Domenico</subfield>
  </datafield>
  <datafield tag="801" ind1=" " ind2="3">
    <subfield code="a">IT</subfield>
    <subfield code="b">ICCU</subfield>
    <subfield code="c">20201113</subfield>
  </datafield>
  <datafield tag="899" ind1=" " ind2=" ">
    <subfield code="a">Biblioteca dell&apos;Istituto Campana per l&apos;istruzione permanente. Osimo</subfield>
    <subfield code="1">AN0053</subfield>
    <subfield code="2">URB IC</subfield>
  </datafield>
  <datafield tag="899" ind1=" " ind2=" ">
    <subfield code="a">Biblioteca civica Romolo Spezioli. Fermo</subfield>
    <subfield code="1">AP0012</subfield>
    <subfield code="2">UMC FM</subfield>
  </datafield>
  <datafield tag="899" ind1=" " ind2=" ">
    <subfield code="a">Biblioteca statale di Montevergine. Mercogliano</subfield>
    <subfield code="1">AV0045</subfield>
    <subfield code="2">NAP MV</subfield>
  </datafield>
  <datafield tag="899" ind1=" " ind2=" ">
    <subfield code="a">Biblioteca civica A. Mai. Bergamo</subfield>
    <subfield code="1">BG0026</subfield>
    <subfield code="2">LO1 02</subfield>
  </datafield>
  <datafield tag="899" ind1=" " ind2=" ">
    <subfield code="a">Biblioteca della Facolt ̉di lettere e filosofia Amleto Bassi dell&apos;Universit ̉degli studi di Ferrara. Ferrara</subfield>
    <subfield code="1">FE0152</subfield>
    <subfield code="2">UFE LF</subfield>
  </datafield>
  <datafield tag="899" ind1=" " ind2=" ">
    <subfield code="a">Biblioteca Medicea Laurenziana. Firenze</subfield>
    <subfield code="z">MUTILO</subfield>
    <subfield code="1">FI0100</subfield>
    <subfield code="2">CFI ML</subfield>
  </datafield>
  <datafield tag="899" ind1=" " ind2=" ">
    <subfield code="a">Biblioteca comunale Mozzi-Borgetti. Macerata</subfield>
    <subfield code="1">MC0049</subfield>
    <subfield code="2">UMC CM</subfield>
  </datafield>
  <datafield tag="899" ind1=" " ind2=" ">
    <subfield code="a">Biblioteca comunale centrale. Milano</subfield>
    <subfield code="1">MI0162</subfield>
    <subfield code="2">LO1 01</subfield>
  </datafield>
  <datafield tag="899" ind1=" " ind2=" ">
    <subfield code="a">Biblioteca del Seminario metropolitano L. A. Muratori. Modena</subfield>
    <subfield code="z">MUTILO</subfield>
    <subfield code="1">MO0054</subfield>
    <subfield code="2">PBE 09</subfield>
  </datafield>
  <datafield tag="899" ind1=" " ind2=" ">
    <subfield code="a">Biblioteca nazionale Vittorio Emanuele III. Napoli</subfield>
    <subfield code="1">NA0079</subfield>
    <subfield code="2">NAP BN</subfield>
  </datafield>
  <datafield tag="899" ind1=" " ind2=" ">
    <subfield code="a">Biblioteca centrale della Regione siciliana Alberto Bombace. Palermo</subfield>
    <subfield code="1">PA0064</subfield>
    <subfield code="2">PAL BP</subfield>
  </datafield>
  <datafield tag="899" ind1=" " ind2=" ">
    <subfield code="a">Biblioteca del Seminario vescovile. Piacenza</subfield>
    <subfield code="1">PC0028</subfield>
    <subfield code="2">PBE G9</subfield>
  </datafield>
  <datafield tag="899" ind1=" " ind2=" ">
    <subfield code="a">Biblioteca comunale Augusta. Perugia</subfield>
    <subfield code="z">MUTILO</subfield>
    <subfield code="1">PG0109</subfield>
    <subfield code="2">UM1 01</subfield>
  </datafield>
  <datafield tag="899" ind1=" " ind2=" ">
    <subfield code="a">Biblioteca Vallicelliana. Roma</subfield>
    <subfield code="1">RM0281</subfield>
    <subfield code="2">RML 08</subfield>
  </datafield>
  <datafield tag="899" ind1=" " ind2=" ">
    <subfield code="a">Biblioteca diocesana &quot;Mons. Emilio Biancheri&quot;. Rimini</subfield>
    <subfield code="z">MUTILO</subfield>
    <subfield code="1">RN0044</subfield>
    <subfield code="2">PBE 30</subfield>
  </datafield>
  <datafield tag="899" ind1=" " ind2=" ">
    <subfield code="a">Biblioteca del Ginnasio liceo Giovanni Prati. Trento</subfield>
    <subfield code="z">MUTILO</subfield>
    <subfield code="1">TN0197</subfield>
    <subfield code="2">ZTN 19</subfield>
  </datafield>
  <datafield tag="899" ind1=" " ind2=" ">
    <subfield code="a">Biblioteca nazionale Marciana. Venezia</subfield>
    <subfield code="1">VE0049</subfield>
    <subfield code="2">VEA BM</subfield>
  </datafield>
  <datafield tag="911" ind1=" " ind2=" ">
    <subfield code="a">Sul front.</subfield>
    <subfield code="9">IT\ICCU\CNCM\002569</subfield>
  </datafield>
  <datafield tag="921" ind1=" " ind2=" ">
    <subfield code="a">IT\ICCU\CNCM\002569</subfield>
    <subfield code="b">Carit ̉(donna con bambino in braccio e altri tre ai lati). Nel cartiglio la scritta Charitas. In cornice figurata.</subfield>
    <subfield code="c">U1084</subfield>
    <subfield code="f">CARITA&apos;</subfield>
    <subfield code="f">DONNA</subfield>
    <subfield code="f">BAMBINI</subfield>
    <subfield code="f">CHARITAS</subfield>
    <subfield code="g">1590-1600</subfield>
  </datafield>
</record>
</collection>
